@manual{adaptalint_conway_23,
  author = {Max Conway and Natasha Latysheva},
  note   = {R package version 0.2.4},
  title  = {adaptalint: Check Code Style Painlessly},
  url    = {https://CRAN.R-project.org/package=adaptalint},
  year   = {2019}
}

@inproceedings{DBLP:conf/lpar/AmatoS12, 
  author       = {Gianluca Amato and
                  Francesca Scozzari},
  editor       = {Nikolaj S. Bj{\o}rner and
                  Andrei Voronkov},
  title        = {Random: R-Based Analyzer for Numerical Domains},
  booktitle    = {Logic for Programming, Artificial Intelligence, and Reasoning - 18th
                  International Conference, LPAR-18, M{\'{e}}rida, Venezuela, March
                  11-15, 2012. Proceedings},
  series       = {Lecture Notes in Computer Science},
  volume       = {7180},
  pages        = {375--382},
  publisher    = {Springer},
  year         = {2012},
  url          = {https://doi.org/10.1007/978-3-642-28717-6\_29},
  doi          = {10.1007/978-3-642-28717-6\_29},
  timestamp    = {Thu, 14 Apr 2022 20:26:15 +0200},
  biburl       = {https://dblp.org/rec/conf/lpar/AmatoS12.bib},
  bibsource    = {dblp computer science bibliography, https://dblp.org}
}

@inproceedings{bertram2013renjin,
  author    = {Bertram, Alexander},
  booktitle = {The r user conference, useR! 2013 july 10-12 2013 university of castilla-la mancha, albacete, spain},
  number    = {30},
  pages     = {105},
  title     = {Renjin: A new r interpreter built on the jvm},
  volume    = {10},
  year      = {2013}
}

@manual{checkglobals_chau_23,
  author = {Joris Chau},
  note   = {R package version 0.1.0},
  title  = {checkglobals: Static Analysis of R-Code Dependencies},
  url    = {https://CRAN.R-project.org/package=checkglobals},
  year   = {2023}
}

@manual{chk_thorley_23,
  author = {Joe Thorley and Kirill Müller and Ayla Pearson},
  note   = {R package version 0.9.1},
  title  = {chk: Check User-Supplied Function Arguments},
  url    = {https://CRAN.R-project.org/package=chk},
  year   = {2023}
}

@manual{cleanr_cullmann_23,
  author = {Andreas Dominik Cullmann},
  note   = {R package version 1.4.0},
  title  = {cleanr: Helps You to Code Cleaner},
  url    = {https://CRAN.R-project.org/package=cleanr},
  year   = {2023}
}

@manual{codetools_tierney_23,
  author = {Luke Tierney},
  note   = {R package version 0.2-19},
  title  = {codetools: Code Analysis Tools for R},
  url    = {https://CRAN.R-project.org/package=codetools},
  year   = {2023}
}

@manual{covr_hester_23,
  author = {Jim Hester},
  note   = {R package version 3.6.4},
  title  = {covr: Test Coverage for Packages},
  url    = {https://CRAN.R-project.org/package=covr},
  year   = {2023}
}

@manual{covtracer_kelkhoff_24,
  author = {Doug Kelkhoff and Andrew McNeil},
  note   = {R package version 0.0.0.9015},
  title  = {covtracer: Tools for contextualizing tests},
  url    = {https://github.com/genentech/covtracer},
  year   = {2024}
}

@manual{cyclocomp_csardi_23,
  author = {Gabor Csardi},
  note   = {R package version 1.1.1},
  title  = {cyclocomp: Cyclomatic Complexity of R Code},
  url    = {https://CRAN.R-project.org/package=cyclocomp},
  year   = {2023}
}

@article{DBLP:journals/pacmpl/GoelV19,
  author    = {Aviral Goel and
               Jan Vitek},
  bibsource = {dblp computer science bibliography, https://dblp.org},
  biburl    = {https://dblp.org/rec/journals/pacmpl/GoelV19.bib},
  doi       = {10.1145/3360579},
  journal   = {Proc. {ACM} Program. Lang.},
  number    = {{OOPSLA}},
  pages     = {153:1--153:27},
  timestamp = {Tue, 16 Aug 2022 23:09:41 +0200},
  title     = {On the design, implementation, and use of laziness in {R}},
  url       = {https://doi.org/10.1145/3360579},
  volume    = {3},
  year      = {2019}
}

@manual{dependenciesgraphs_robert_16,
  author = {Titouan Robert},
  note   = {R package version 0.3},
  title  = {DependenciesGraphs: Dependencies visualization between functions and environments},
  year   = {2016}
}

@manual{dfgraph_kary_23,
  author = {Dan Kary},
  date   = {2021},
  note   = {R package version 3.1.0},
  title  = {dfgraph: Visualize R Code with Data Flow Graphs},
  url    = {https://github.com/dkary/dfgraph},
  year   = 2021
}


@manual{flow_fabri_23,
  author = {Antoine Fabri},
  note   = {R package version 0.2.0},
  title  = {flow: View and Browse Code Using Flow Diagrams},
  url    = {https://CRAN.R-project.org/package=flow},
  year   = {2023}
}

@manual{flowgraph_patterson_19,
  author = {Evan Patterson},
  title  = {flowgraph: Flow graps for R},
  url    = {https://github.com/IBM/rflowgraph},
  year   = {2019}
}

@inproceedings{fluckiger2020sampling,
  author    = {Fl{\"u}ckiger, Olivier and W{\"a}lchli, Andreas and Krynski, Sebasti{\'a}n and Vitek, Jan},
  booktitle = {Proceedings of the 16th ACM SIGPLAN International Symposium on Dynamic Languages},
  pages     = {99--111},
  title     = {Sampling optimized code for type feedback},
  year      = {2020}
}


@manual{foodwebr_appleton-fox_24,
  author = {Lewin Appleton-Fox},
  title  = {foodwebr: Visualise Function Dependencies},
  url    = {https://github.com/lewinfox/foodwebr},
  year   = {2024}
}

@manual{formatR_xie_23,
  author = {Yihui Xie},
  note   = {R package version 1.14},
  title  = {formatR: Format R Code Automatically},
  url    = {https://CRAN.R-project.org/package=formatR},
  year   = {2023}
}

@book{garvin2004rcc,
  author    = {Garvin, John},
  publisher = {Rice University},
  title     = {RCC: A compiler for the R language for statistical computing},
  year      = {2004}
}

@misc{git_mro_19,
  title = {{M}icrosoft {R} {O}pen {S}ource},
  url   = {https://github.com/microsoft/microsoft-r-open},
  year  = {2019}
}

@manual{globals_bengtsson_22,
  author = {Henrik Bengtsson},
  note   = {R package version 0.16.2},
  title  = {globals: Identify Global Objects in R Expressions},
  url    = {https://CRAN.R-project.org/package=globals},
  year   = {2022}
}

@manual{goodpractice_marks_22,
  author = {Karina Marks and Daniel {de Bortoli} and Gabor Csardi and Hannah Frick and Owen Jones and Hannah Alexander},
  note   = {R package version 1.0.4},
  title  = {goodpractice: Advice on R Package Building},
  url    = {https://CRAN.R-project.org/package=goodpractice},
  year   = {2022}
}

@article{kalibera2014fast,
  author    = {Kalibera, Tomas and Maj, Petr and Morandat, Floreal and Vitek, Jan},
  journal   = {ACM SIGPLAN Notices},
  number    = {7},
  pages     = {89--102},
  publisher = {ACM New York, NY, USA},
  title     = {A fast abstract syntax tree interpreter for R},
  volume    = {49},
  year      = {2014}
}

@manual{lang_codeanalysis_2023,
  author   = {Lang, Duncan and Fitzgeral, Clark and Espe, Matt and Ulle, Nick and Vince Buffalo},
  date     = {2023},
  subtitle = {Tools for static analysis of {{R}} code},
  title    = {{{CodeAnalysis}}},
  type     = {manual},
  url      = {https://github.com/duncantl/CodeAnalysis},
  year     = 2023
}

@manual{lang_codedepends_2018,
  author   = {Lang, Duncan and Peng, Roger and Nolan, Deborah and Becker, Gabriel},
  date     = {2018},
  subtitle = {{{Analysis}} of {{R}} Code for Reproducible Research and Code Comprehension},
  title    = {{{CodeDepends}}},
  type     = {manual},
  url      = {https://CRAN.R-project.org/package=CodeDepends},
  year     = 2018
}

@manual{languageserver_lai_23,
  author = {Randy Lai},
  note   = {R package version 0.3.16},
  title  = {languageserver: Language Server Protocol},
  url    = {https://CRAN.R-project.org/package=languageserver},
  year   = {2023}
}

@manual{lintr_hester_23,
  author = {Jim Hester and Florent Angly and Russ Hyde and Michael Chirico and Kun Ren and Alexander Rosenstock and Indrajeet Patil},
  note   = {R package version 3.1.0},
  title  = {lintr: A 'Linter' for R Code},
  url    = {https://CRAN.R-project.org/package=lintr},
  year   = {2023}
}

@manual{mvbutils_bravington_18,
  author = {Mark V. Bravington},
  note   = {R package version 2.8.232},
  title  = {mvbutils: Workspace Organization, Code and Documentation Editing, Package
            Prep and Editing, Etc},
  url    = {https://CRAN.R-project.org/package=mvbutils},
  year   = {2018}
}

@article{nealspeed,
  author = {Neal, Radford M},
  title  = {Speed Improvements in pqR: Current Status and Future Plans},
  url    = {https://glizen.com/radfordneal/ftp/pqR-dsc.pdf},
  year   = {2014}
}

@manual{pare_van_kessel_23,
  author = {Maarten {van Kessel}},
  note   = {R package version 0.1.12},
  title  = {PaRe: A Way to Perform Code Review or QA on Other Packages},
  url    = {https://github.com/darwin-eu-dev/PaRe},
  year   = {2023}
}

@manual{pkgstats_padgham_21,
  author = {Mark Padgham},
  note   = {R package version 0.0.3},
  title  = {pkgstats},
  url    = {https://github.com/ropensci-review-tools/pkgstats},
  year   = {2021}
}

@manual{r_team_23,
  address      = {Vienna, Austria},
  author       = {{R Core Team}},
  organization = {R Foundation for Statistical Computing},
  title        = {R: A Language and Environment for Statistical Computing},
  url          = {https://www.R-project.org/},
  year         = {2023}
}

@manual{rclean_lau_22,
  author = {Matthew Lau},
  note   = {R package version 1.1.8},
  title  = {Rclean: A Tool for Writing Cleaner, More Transparent Code},
  url    = {https://github.com/MKLau/Rclean},
  year   = {2022}
}

@manual{rco_rodriguez_21,
  author = {Juan Cruz Rodriguez},
  note   = {R package version 1.0.2},
  title  = {rco: The R Code Optimizer},
  url    = {https://CRAN.R-project.org/package=rco},
  year   = {2021}
}

@manual{roger_goulet_23,
  author = {Vincent Goulet and Samuel Fréchette and Jean-Christophe Langlois},
  note   = {R package version 1.5-1},
  title  = {roger: Automated Grading of R Scripts},
  url    = {https://CRAN.R-project.org/package=roger},
  year   = {2023}
}

@manual{rstatic_ulle_19,
  author = {Nick Ulle and Duncan {Temple Lang}},
  note   = {R package version 0.1.0-0006},
  title  = {rstatic: Low-level Static Analysis Tools for R Code},
  year   = {2019}
}

@manual{RStudio,
  address      = {Boston, MA},
  author       = {{RStudio Team}},
  organization = {RStudio, PBC},
  title        = {RStudio: Integrated Development Environment for R},
  url          = {http://www.rstudio.com/},
  year         = {2022}
}

@manual{rstudio_posit_23,
  address      = {Boston, MA},
  author       = {{Posit team}},
  organization = {Posit Software, PBC},
  title        = {RStudio: Integrated Development Environment for R},
  url          = {http://www.posit.co/},
  year         = {2023}
}

@manual{rtypeinference_ulle_21,
  author = {Nick Ulle and Duncan {Temple Lang}},
  note   = {R package version 0.5.0-0030},
  title  = {RTypeInference: Infer Types of Inputs and Outputs for R Expressions},
  year   = {2021}
}

@misc{sen2017rosa,
  archiveprefix = {arXiv},
  author        = {Rathijit Sen and Jianqiao Zhu and Jignesh M. Patel and Somesh Jha},
  eprint        = {1704.02996},
  primaryclass  = {cs.PL},
  publisher     = {arXiv},
  title         = {ROSA: R Optimizations with Static Analysis},
  year          = {2017}
}

@manual{similar_bartoszuk_23,
  author = {Maciej Bartoszuk and Marek Gagolewski},
  note   = {R package version 1.0.8},
  title  = {SimilaR: R Source Code Similarity Evaluation},
  url    = {https://CRAN.R-project.org/package=SimilaR},
  year   = {2020}
}

@manual{styler_muller_23,
  author = {Kirill Müller and Lorenz Walthert},
  note   = {R package version 1.10.2},
  title  = {styler: Non-Invasive Pretty Printing of R Code},
  url    = {https://CRAN.R-project.org/package=styler},
  year   = {2023}
}

@manual{tracer_tu_dortmund_15,
  author = {TU Dortmund University},
  title  = {TraceR: A Profiling Tool for R. TU Dortmund University},
  url    = {https://github.com/allr/traceR-installer},
  year   = {2015}
}