@inproceedings{turing1989checking,
  title={Checking a large routine},
  author={Turing, Alan},
  booktitle={Report of a Conference on High Speed Automatic Calculating Machines},
  pages={67--69},
  year={1949}
}

@article{DBLP:journals/cacm/Hoare69,
  author       = {C. A. R. Hoare},
  title        = {An Axiomatic Basis for Computer Programming},
  journal      = {Commun. {ACM}},
  volume       = {12},
  number       = {10},
  pages        = {576--580},
  year         = {1969},
  url          = {https://doi.org/10.1145/363235.363259},
  doi          = {10.1145/363235.363259},
  timestamp    = {Wed, 14 Nov 2018 10:22:34 +0100},
  biburl       = {https://dblp.org/rec/journals/cacm/Hoare69.bib},
  bibsource    = {dblp computer science bibliography, https://dblp.org}
}

@inproceedings{floyd1967assigning,
  title={Assigning Meanings to Programs},
  author={Floyd, Robert W.},
  booktitle={Proc. of the American Mathematical Society Symposia on Applied Mathematics},
  pages={19--32},
  volume={19},
  year={1967}
}

@article{rice1953classes,
  title={Classes of recursively enumerable sets and their decision problems},
  author={Rice, Henry Gordon},
  journal={Transactions of the American Mathematical society},
  volume={74},
  number={2},
  pages={358--366},
  year={1953},
  publisher={JSTOR}
}

@article{DBLP:journals/ftpl/Mine17,
  author       = {Antoine Min{\'{e}}},
  title        = {Tutorial on Static Inference of Numeric Invariants by Abstract Interpretation},
  journal      = {Found. Trends Program. Lang.},
  volume       = {4},
  number       = {3-4},
  pages        = {120--372},
  year         = {2017},
  url          = {https://doi.org/10.1561/2500000034},
  doi          = {10.1561/2500000034},
  timestamp    = {Wed, 20 May 2020 21:26:01 +0200},
  biburl       = {https://dblp.org/rec/journals/ftpl/Mine17.bib},
  bibsource    = {dblp computer science bibliography, https://dblp.org}
}

@inproceedings{DBLP:conf/cade/OwreRS92,
  author       = {Sam Owre and
                  John M. Rushby and
                  Natarajan Shankar},
  editor       = {Deepak Kapur},
  title        = {{PVS:} {A} Prototype Verification System},
  booktitle    = {Automated Deduction - CADE-11, 11th International Conference on Automated
                  Deduction, Saratoga Springs, NY, USA, June 15-18, 1992, Proceedings},
  series       = {Lecture Notes in Computer Science},
  volume       = {607},
  pages        = {748--752},
  publisher    = {Springer},
  year         = {1992},
  url          = {https://doi.org/10.1007/3-540-55602-8\_217},
  doi          = {10.1007/3-540-55602-8\_217},
  timestamp    = {Tue, 14 May 2019 10:00:39 +0200},
  biburl       = {https://dblp.org/rec/conf/cade/OwreRS92.bib},
  bibsource    = {dblp computer science bibliography, https://dblp.org}
}

@book{DBLP:series/txtcs/BertotC04,
  author       = {Yves Bertot and
                  Pierre Cast{\'{e}}ran},
  title        = {Interactive Theorem Proving and Program Development - Coq'Art: The
                  Calculus of Inductive Constructions},
  series       = {Texts in Theoretical Computer Science. An {EATCS} Series},
  publisher    = {Springer},
  year         = {2004},
  url          = {https://doi.org/10.1007/978-3-662-07964-5},
  doi          = {10.1007/978-3-662-07964-5},
  isbn         = {978-3-642-05880-6},
  timestamp    = {Tue, 16 May 2017 14:24:38 +0200},
  biburl       = {https://dblp.org/rec/series/txtcs/BertotC04.bib},
  bibsource    = {dblp computer science bibliography, https://dblp.org}
}